@article{Rus2015,
  title={Design, Fabrication and Control of Soft Robots},
  author={Rus, Daniela and Tolley, Michael T},
  journal={Nature},
  volume={521},
  number={7553},
  pages={467--475},
  year={2015},
  publisher={Nature Publishing Group},
  doi={10.1038/nature14543},
  url={http://hdl.handle.net/1721.1/100772},
}

@article{Moseley2016,
  title={Modeling, Design, and Development of Soft Pneumatic Actuators with Finite Element Method},
  author={Moseley, P and Florez, J.M. and Sonar, H.A. and Agarwal, G. and Curtin, W. and Paik, J.},
  journal={Advanced Engineering Materials},
  volume={18},
  pages={978--988},
  year={2016},
  publisher={Wiley Online Library},
  doi={},
  url={},
}

@article{Xavier2022,
  title={Soft Pneumatic Actuators: A Review of Design, Fabrication, Modeling, Sensing, Control and Applications},
  author={Xavier, Matheus S and Tawk, Charbel D and Zolfagharian, Ali and Pinskier, J and Howard, D and Young, T and others},
  journal={},
  volume={},
  number={},
  pages={},
  year={2022},
  publisher={},
  doi={CC BY 4.0},
  url={},
}

@article{Terryn2017,
  title={Self-healing soft pneumatic robots},
  author={Terryn, Seppe and others},
  journal={Science Robotics},
  volume={2},
  pages={eaan4268},
  year={2017},
  publisher={AAAS},
  doi={},
  url={},
}

@article{ACPR2015,
  title={Gupta V, Kumar A, Agrawal S, et al.},
  author={Cour T, Lauranson R, Vachette M},
  journal={International Journal of Engineering Research Technology (IJERT)},
  volume={4},
  number={03},
  pages={},
  year={2015},
  publisher={ISSN},
  doi={},
  url={},
}

@inproceedings{Gambit,
author = {Matuszek, Cynthia and Mayton, Brian and Aimi, Roberto and Deisenroth, Marc and Bo, Liefeng and Chu, Robert and Kung, Mike and LeGrand, Louis and Smith, Joshua and Fox, Dieter},
year = {2011},
month = {05},
pages = {4291-4297},
title = {Gambit: An autonomous chess-playing robotic system},
doi = {10.1109/ICRA.2011.5980528}
}

@inproceedings{anh2016design,
  title={Design and control automatic chess-playing robot arm},
  author={Anh, Nguyen Duy and Nhat, Luong Thanh and Van Phan Nhan, Tran},
  booktitle={AETA 2015: Recent Advances in Electrical Engineering and Related Sciences},
  pages={485--496},
  year={2016},
  organization={Springer}
}

@misc{chess_playing_robot_vub,
  author = {{Vrije Universiteit Brussel}},
  title = {Chess Playing Robot - Team 4 Mechatronics Project},
  year = {2015},
  howpublished = {\url{http://mech.vub.ac.be/teaching/info/mechatronica/finished_projects_2015/team_4/index.html}},
  note = {Accessed: 2023-11-07}
}

@article{chen2019robust,
  title={Robust computer vision chess analysis and interaction with a humanoid robot},
  author={Chen, Andrew Tzer-Yeu and Wang, Kevin I-Kai},
  journal={Computers},
  volume={8},
  number={1},
  pages={14},
  year={2019},
  publisher={MDPI}
}

@article{omarsdottir2016axiomatic,
  title={The axiomatic design of chessmate: a chess-playing robot},
  author={{\'O}marsd{\'o}ttir, Freyja Yeatman and {\'O}lafsson, R{\'o}bert Bjarnar and Foley, Joseph Timothy},
  journal={Procedia CIRP},
  volume={53},
  pages={231--236},
  year={2016},
  publisher={Elsevier}
}

@inproceedings{kolosowski2020collaborative,
  title={Collaborative robot system for playing chess},
  author={Ko{\l}osowski, Pawe{\l} and Wolniakowski, Adam and Miatliuk, Kanstantsin},
  booktitle={2020 International Conference Mechatronic Systems and Materials (MSM)},
  pages={1--6},
  year={2020},
  organization={IEEE}
}

@online{rao2023robot,
  author = {Ravi Rao},
  title = {What are Robot Gantries? Types, Applications, Advantages, Selection Criteria, and more},
  year = {2023},
  url = {https://www.wevolver.com/article/what-are-robot-gantries-types-applications-advantages-selection-criteria-and-more},
  urldate = {2023-11-07}
}

@misc{arduino2021chessrobot,
  author = {Arduino Team},
  title = {This autonomous chess-playing robot will beat its human opponents nearly every time},
  howpublished = {\url{https://blog.arduino.cc/2021/08/08/this-autonomous-chess-playing-robot-will-beat-its-human-opponents-nearly-every-time/}},
  month = {Aug},
  year = {2021},
  note = {Accessed: 2023-11-07}
}

@inproceedings{du2013compliance,
  title={The compliance control study of Chinese chess robot in Cartesian coordinate system},
  author={Du, Guangyue and Bi, Shuhui and Xiao, Yongfei and Li, Wenguang},
  booktitle={Proceedings of the 2013 International Conference on Advanced Mechatronic Systems},
  pages={31--35},
  year={2013},
  organization={IEEE}
}

@misc{baichtal2017chess,
  author = {John Baichtal},
  title = {Chess Robotâ€™s Got The Moves},
  howpublished = {\url{https://hackaday.com/2017/09/26/chess-robots-got-the-moves/}},
  month = {Sep},
  year = {2017},
  note = {Accessed: 2023-11-07}
}
